@inproceedings{hajivc2009conll,
  title={The CoNLL-2009 shared task: Syntactic and semantic dependencies in multiple languages},
  author={Haji{\v{c}}, Jan and Ciaramita, Massimiliano and Johansson, Richard and Kawahara, Daisuke and Mart{\'\i}, Maria Ant{\`o}nia and M{\`a}rquez, Llu{\'\i}s and Meyers, Adam and Nivre, Joakim and Pad{\'o}, Sebastian and {\v{S}}t{\v{e}}p{\'a}nek, Jan and others},
  booktitle={Proceedings of the Thirteenth Conference on Computational Natural Language Learning: Shared Task},
  pages={1--18},
  year={2009},
  organization={Association for Computational Linguistics}
}

@inproceedings{rehbein_adding_2012,
	title = {Adding nominal spice to {SALSA–frame-semantic} annotation of German nouns and verbs},
	url = {http://www.academia.edu/download/30881859/proceedings.pdf#page=89},
	urldate = {2013-12-19},
	booktitle = {Proceedings of the 11th Conference on Natural Language Processing ({KONVENS’12)}},
	author = {Rehbein, Ines and Ruppenhofer, Josef and Pinkal, Caroline Sporleder Manfred},
	year = {2012},
	pages = {89–97}
}

@inproceedings{burchardt_salsa_2006,
	title = {The {SALSA} corpus: a German corpus resource for lexical semantics},
	shorttitle = {The {SALSA} corpus},
	url = {http://www.cl.uni-heidelberg.de/~frank/papers/lrec06_burchardt_salsa.pdf},
	urldate = {2014-03-25},
	booktitle = {Proceedings of the 5th International Conference on Language Resources and Evaluation ({LREC-2006)}},
	author = {Burchardt, Aljoscha and Erk, Katrin and Frank, Anette and Kowalski, Andrea and Padó, Sebastian and Pinkal, Manfred},
	year = {2006}
}

@article{gildea,
	author = {Gildea, Daniel and Jurafsky, Daniel},
	title = {Automatic Labeling of Semantic Roles},
	journal = {Comput. Linguist.},
	issue_date = {September 2002},
	volume = {28},
	number = {3},
	month = sep,
	year = {2002},
	issn = {0891-2017},
	pages = {245--288},
	numpages = {44},
	acmid = {643093},
	publisher = {MIT Press},
	address = {Cambridge, MA, USA},
} 

@article{tiger,
	year={2004},
	issn={1570-7075},
	journal={Research on Language and Computation},
	volume={2},
	number={4},
	title={TIGER: Linguistic Interpretation of a German Corpus},
	publisher={Kluwer Academic Publishers},
	keywords={annotation; German; treebank},
	author={Brants, Sabine and Dipper, Stefanie and Eisenberg, Peter and Hansen-Schirra, Silvia and König, Esther and Lezius, Wolfgang and Rohrer, Christian and Smith, George and Uszkoreit, Hans},
	pages={597-620},
	language={English}
}
@inproceedings{brants_tiger_2002,
	title = {The {TIGER} treebank},
	volume = {168},
	url = {http://www.coli.uni-saarland.de/publikationen/softcopies/Brants:2002:TT.pdf},
	urldate = {2014-03-27},
	booktitle = {Proceedings of the workshop on treebanks and linguistic theories},
	author = {Brants, Sabine and Dipper, Stefanie and Hansen, Silvia and Lezius, Wolfgang and Smith, George},
	year = {2002}
}

@article{fillmore1985,
  title={Frames and the semantics of understanding},
  author={Fillmore, Charles J},
  journal={Quaderni di semantica},
  volume={6},
  number={2},
  pages={222--254},
  year={1985}
}

@article{SRL2008,
  title={Semantic role labeling: an introduction to the special issue},
  author={M{\`a}rquez, Llu{\'\i}s and Carreras, Xavier and Litkowski, Kenneth C and Stevenson, Suzanne},
  journal={Computational linguistics},
  volume={34},
  number={2},
  pages={145--159},
  year={2008},
  publisher={MIT Press}
}

@article{levinrappaport,
  title={Rappaport Hovav, M., 1996. From Lexical Semantics to Argument Realization},
  author={Levin, Beth and Happaport-Hovav, Malka},
	year={1996},
  journal={Unpublished ms, Stanford University and Bar Ilan University, Palo Alto, CA, and Ramat Gan, Israel (available at http://www-csli. stanford. edu/beth/pubs. html)}
}

@book{ruppenhofer_framenet_2006,
	title = {{FrameNet} {II:} Extended theory and practice},
	shorttitle = {{FrameNet} {II}},
	url = {http://framenet2.icsi.berkeley.edu/docs/r1.5/book.pdf},
	urldate = {2014-03-26},
	author = {Ruppenhofer, Josef and Ellsworth, Michael and Petruck, Miriam {RL} and Johnson, Christopher R. and Scheffczyk, Jan},
	year = {2006}
}
	
@inproceedings{baker_berkeley_1998,
	title = {The berkeley framenet project},
	booktitle = {Proceedings of the 36th Annual Meeting of the Association for Computational Linguistics and 17th International Conference on Computational Linguistics-Volume 1},
	publisher = {Association for Computational Linguistics},
	author = {Baker, Collin F. and Fillmore, Charles J. and Lowe, John B.},
	year = {1998},
	pages = {86–90}
}

@misc{kountz_extraktion_2006,
	title = {Extraktion von Dependenztripeln aus der {TIGER-Baumbank}},
	institution = {IMS, Universität Stuttgart},
	author = {Kountz, Manuel},
	year = {2006},
	note = {IMS, Universität Stuttgart. Studienarbeit Nr. 54}
}

@inproceedings{erk2006shalmaneser,
	Author = {Erk, Katrin and Pado, Sebastian},
	Booktitle = {Proceedings of LREC},
	Title = {Shalmaneser--a toolchain for shallow semantic parsing},
	Volume = {6},
	Year = {2006}
}