
@inproceedings{rehbein_adding_2012,
	title = {Adding nominal spice to {SALSA–frame-semantic} annotation of German nouns and verbs},
	url = {http://www.academia.edu/download/30881859/proceedings.pdf#page=89},
	urldate = {2013-12-19},
	booktitle = {Proceedings of the 11th Conference on Natural Language Processing ({KONVENS’12)}},
	author = {Rehbein, Ines and Ruppenhofer, Josef and Pinkal, Caroline Sporleder Manfred},
	year = {2012},
	pages = {89–97}
}