%% This BibTeX bibliography file was created using BibDesk.
%% http://bibdesk.sourceforge.net/


%% Created for Enrique at 2014-02-06 20:10:44 +0100 


%% Saved with string encoding Unicode (UTF-8) 

@inproceedings{hajivc2009conll,
  title={The CoNLL-2009 shared task: Syntactic and semantic dependencies in multiple languages},
  author={Haji{\v{c}}, Jan and Ciaramita, Massimiliano and Johansson, Richard and Kawahara, Daisuke and Mart{\'\i}, Maria Ant{\`o}nia and M{\`a}rquez, Llu{\'\i}s and Meyers, Adam and Nivre, Joakim and Pad{\'o}, Sebastian and {\v{S}}t{\v{e}}p{\'a}nek, Jan and others},
  booktitle={Proceedings of the Thirteenth Conference on Computational Natural Language Learning: Shared Task},
  pages={1--18},
  year={2009},
  organization={Association for Computational Linguistics}
}


@inproceedings{rehbeinadding2012,
	Author = {Rehbein, Ines and Ruppenhofer, Josef and Pinkal, Caroline Sporleder Manfred},
	Booktitle = {Proceedings of the 11th Conference on Natural Language Processing ({KONVENS'12)}},
	Pages = {89--97},
	Title = {Adding nominal spice to {SALSA--frame-semantic} annotation of German nouns and verbs},
	Url = {http://www.academia.edu/download/30881859/proceedings.pdf#page=89},
	Urldate = {2013-12-19},
	Year = {2012},
	Bdsk-Url-1 = {http://www.academia.edu/download/30881859/proceedings.pdf#page=89}}

@article{gildea,
	Acmid = {643093},
	Address = {Cambridge, MA, USA},
	Author = {Gildea, Daniel and Jurafsky, Daniel},
	Issn = {0891-2017},
	Issue_Date = {September 2002},
	Journal = {Comput. Linguist.},
	Month = sep,
	Number = {3},
	Numpages = {44},
	Pages = {245--288},
	Publisher = {MIT Press},
	Title = {Automatic Labeling of Semantic Roles},
	Volume = {28},
	Year = {2002}}

@article{tiger,
	Author = {Brants, Sabine and Dipper, Stefanie and Eisenberg, Peter and Hansen-Schirra, Silvia and K{\"o}nig, Esther and Lezius, Wolfgang and Rohrer, Christian and Smith, George and Uszkoreit, Hans},
	Issn = {1570-7075},
	Journal = {Research on Language and Computation},
	Keywords = {annotation; German; treebank},
	Language = {English},
	Number = {4},
	Pages = {597-620},
	Publisher = {Kluwer Academic Publishers},
	Title = {TIGER: Linguistic Interpretation of a German Corpus},
	Volume = {2},
	Year = {2004}}

@article{fillmore1985,
	Author = {Fillmore, Charles J},
	Journal = {Quaderni di semantica},
	Number = {2},
	Pages = {222--254},
	Title = {Frames and the semantics of understanding},
	Volume = {6},
	Year = {1985}}

@article{SRL2008,
	Author = {M{\`a}rquez, Llu{\'\i}s and Carreras, Xavier and Litkowski, Kenneth C and Stevenson, Suzanne},
	Journal = {Computational linguistics},
	Number = {2},
	Pages = {145--159},
	Publisher = {MIT Press},
	Title = {Semantic role labeling: an introduction to the special issue},
	Volume = {34},
	Year = {2008}}

@inproceedings{burchardt2006salsa,
	Author = {Burchardt, Aljoscha and Erk, Katrin and Frank, Anette and Kowalski, Andrea and Pad{\'o}, Sebastian and Pinkal, Manfred},
	Booktitle = {Proceedings of the 5th International Conference on Language Resources and Evaluation (LREC-2006)},
	Title = {The SALSA corpus: a German corpus resource for lexical semantics},
	Year = {2006}}

@inproceedings{erk2006shalmaneser,
	Author = {Erk, Katrin and Pado, Sebastian},
	Booktitle = {Proceedings of LREC},
	Title = {Shalmaneser--a toolchain for shallow semantic parsing},
	Volume = {6},
	Year = {2006}}
